@article{cmp,
	title={Simple model for identifying critical regions in atrial fibrillation},
	author={Christensen, Kim and Manani, Kishan A and Peters, Nicholas S},
	journal={Physical Review Letters},
	volume={114},
	number={2},
	pages={028104},
	year={2015},
	publisher={APS}
}

@book{katz2010physiology,
  title={Physiology of the Heart},
  author={Katz, Arnold M},
  year={2010},
  publisher={Lippincott Williams \& Wilkins}
}


@phdthesis{manani,
    title    = {Structure and dynamics in Atrial Fibrillation: a model of cardiac excitation},
    school   = {Imperial College London},
    author   = {Kishan A Manani},
    year     = {2016},
}


@article{sift,
  title={{SIFT}: spherical-deconvolution informed filtering of tractograms},
  author={Smith, Robert E and Tournier, Jacques-Donald and Calamante, Fernando and Connelly, Alan},
  journal={Neuroimage},
  volume={67},
  pages={298--312},
  year={2013},
  publisher={Elsevier}
}

@article{fact,
  title={Three-dimensional tracking of axonal projections in the brain by magnetic resonance imaging},
  author={Mori, Susumu and Crain, Barbara J and Chacko, Vadappuram P and Van Zijl, Peter CM},
  journal={Annals of Neurology: Official Journal of the American Neurological Association and the Child Neurology Society},
  volume={45},
  number={2},
  pages={265--269},
  year={1999},
  publisher={Wiley Online Library}
}

@article{mori2006principles,
  title={Principles of diffusion tensor imaging and its applications to basic neuroscience research},
  author={Mori, Susumu and Zhang, Jiangyang},
  journal={Neuron},
  volume={51},
  number={5},
  pages={527--539},
  year={2006},
  publisher={Elsevier}
}



@article{zhaoperformance,
  title={Image-based model of atrial anatomy and electrical activation: a computational platform for investigating atrial arrhythmia},
  author={Zhao, Jichao and Butters, Timothy D and Zhang, Henggui and LeGrice, Ian J and Sands, Gregory B and Smaill, Bruce H},
  journal={IEEE transactions on medical imaging},
  volume={32},
  number={1},
  pages={18--27},
  year={2013},
  publisher={IEEE}
}


@MastersThesis{menkus,
    author     =     {Jasper Menkus},
    title     =     {{Simple Model of Atrial Fibrillation on a Complex Geometry}},
    school     =     {Imperial College London},
    OPTaddress     =     {},
    year     =     {2016},
}


@MastersThesis{kewada,
    author     =     {Vayshnavee Kewada},
    title     =     {{Simple Model of Atrial Fibrillation on a Complex Geometry}},
    school     =     {Imperial College London},
    OPTaddress     =     {},
    year     =     {2016},
}


@article{zhao,
  title={An image-based model of atrial muscular architecture: effects of structural anisotropy on electrical activation},
  author={Zhao, Jichao and Butters, Timothy D and Zhang, Henggui and Pullan, Andrew J and LeGrice, Ian J and Sands, Gregory B and Smaill, Bruce H},
  journal={Circulation: Arrhythmia and Electrophysiology},
  volume={5},
  number={2},
  pages={361--370},
  year={2012},
  publisher={Am Heart Assoc}
}

@article{nattel,
	title={New ideas about atrial fibrillation 50 years on},
	author={Nattel, Stanley},
	journal={Nature},
	volume={415},
	number={6868},
	pages={219},
	year={2002},
	publisher={Nature Publishing Group}
}

@misc{uptodate,
	author = {Olshansky MD, Brian and Arora MD, Rishi},
	editor = {UpToDate},
	publisher = {UpToDate},
	title = {Mechanisms of Atrial Fibrillation},
	date = {January 2, 2018},
	url = {https://www.uptodate.com/contents/mechanisms-of-atrial-fibrillation},
	note = {Accessed September 9, 2018},
	organization = {UpToDate},
	month = {January},
	year = {2018},
	urldate = {September 9, 2018}
}


@article{wasmer2017predisposing,
	title={Predisposing factors for atrial fibrillation in the elderly},
	author={Wasmer, Kristina and Eckardt, Lars and Breithardt, G{\"u}nter},
	journal={Journal of Geriatric Cardiology: JGC},
	volume={14},
	number={3},
	pages={179},
	year={2017},
	publisher={Institute of Geriatric Cardiology, Chinese PLA General Hospital}
}

@article{clayton,
	title={Models of cardiac tissue electrophysiology: progress, challenges and open questions},
	author={Clayton, RH and Bernus, Olivier and Cherry, EM and Dierckx, Hans and Fenton, Flavio H and Mirabella, Lucia and Panfilov, Alexander V and Sachse, Frank B and Seemann, Gunnar and Zhang, H},
	journal={Progress in {B}iophysics and {M}olecular {B}iology},
	volume={104},
	number={1-3},
	pages={22--48},
	year={2011},
	publisher={Elsevier}
}

@article{hansen,
	title={Atrial fibrillation driven by micro-anatomic intramural re-entry revealed by simultaneous sub-epicardial and sub-endocardial optical mapping in explanted human hearts},
	author={Hansen, Brian J and Zhao, Jichao and Csepe, Thomas A and Moore, Brandon T and Li, Ning and Jayne, Laura A and Kalyanasundaram, Anuradha and Lim, Praise and Bratasz, Anna and Powell, Kimerly A and others},
	journal={European Heart Journal},
	volume={36},
	number={35},
	pages={2390--2401},
	year={2015},
	publisher={Oxford University Press}
}

@article{krijthe2013projections,
	title={Projections on the number of individuals with atrial fibrillation in the {European Union}, from 2000 to 2060},
	author={Krijthe, Bouwe P and Kunst, Anton and Benjamin, Emelia J and Lip, Gregory YH and Franco, Oscar H and Hofman, Albert and Witteman, Jacqueline CM and Stricker, Bruno H and Heeringa, Jan},
	journal={European Heart Journal},
	volume={34},
	number={35},
	pages={2746--2751},
	year={2013},
	publisher={Oxford University Press}
}

@article{calkins2007hrs,
	title={{HRS/EHRA/ECAS} Expert Consensus Statement on Catheter and Surgical Ablation of Atrial Fibrillation},
	author={Calkins, Hugh and Brugada, Josep and Packer, Douglas L and Cappato, Riccardo and Chen, Shih-Ann and Crijns, Harry JG and Damiano Jr, Ralph J and Davies, D Wyn and Haines, David E and Haissaguerre, Michel and others},
	journal={Europace},
	volume={9},
	number={6},
	pages={335--379},
	year={2007},
	publisher={Oxford University Press}
}

@article{wolf1998impact,
	title={Impact of atrial fibrillation on mortality, stroke, and medical costs},
	author={Wolf, Philip A and Mitchell, Janet B and Baker, Colin S and Kannel, William B and D'agostino, Ralph B},
	journal={Archives of Internal Medicine},
	volume={158},
	number={3},
	pages={229--234},
	year={1998},
	publisher={American Medical Association}
}

@article{stewart2004cost,
	title={Cost of an emerging epidemic: an economic analysis of atrial fibrillation in the {UK}},
	author={Stewart, Simon and Murphy, N and Walker, A and McGuire, Alex and McMurray, JJV},
	journal={Heart},
	volume={90},
	number={3},
	pages={286--292},
	year={2004},
	publisher={BMJ Publishing Group Ltd}
}

@article{wolf1991probability,
	title={Probability of stroke: a risk profile from the {Framingham} Study.},
	author={Wolf, Philip A and D'Agostino, Ralph B and Belanger, Albert J and Kannel, William B},
	journal={Stroke},
	volume={22},
	number={3},
	pages={312--318},
	year={1991},
	publisher={Am Heart Assoc}
}

@Inbook{Weinhaus2005,
	author="Weinhaus, Anthony J. and Roberts, Kenneth P.",
 	OPTeditor="Iaizzo, Paul A.",
	title="Anatomy of the Human Heart",
	bookTitle="Handbook of Cardiac Anatomy, Physiology, and Devices",
	year="2005",
	publisher="Humana Press",
	address="Totowa, NJ",
	pages="51--79",
	abstract="The heart is a muscular pump that serves two functions: (1) to collect blood from the tissues of the body and pump it to the lungs and (2) to collect blood from the lungs and pump it to all tissues of the body. The human heart lies in the protective thorax, posterior to the sternum and costal cartilages, and rests on the superior surface of the diaphragm. The heart assumes an oblique position in the thorax, with two-thirds to the left of midline. It occupies a space between the pleural cavities called the middle mediastinum, defined as the space inside the pericardium, the covering around the heart. This serous membrane has inner and outer layers, with a lubricating fluid in between. The fluid allows the inner visceral pericardium to ``glide'' against the outer parietal pericardium.",
	OPTisbn="978-1-59259-835-9",
	OPTdoi="10.1007/978-1-59259-835-9_4",
	OPTurl="https://doi.org/10.1007/978-1-59259-835-9_4"
}

@article{rehman2017anatomy,
	title={Anatomy, Thorax, Heart},
	author={Rehman, Ibraheem and Rehman, Afzal},
	year={2017},
	publisher={StatPearls Publishing}
}

@incollection{legrice2005architecture,
  title={The architecture of the heart: myocyte organization and the cardiac extracellular matrix},
  author={LeGrice, Ian and Pope, Ad{\'e}le and Smaill, Bruce},
  booktitle={Interstitial Fibrosis in Heart Failure},
  pages={3--21},
  year={2005},
  publisher={Springer}
}


@article{luke1991remodeling,
  title={Remodeling of ventricular conduction pathways in healed canine infarct border zones.},
  author={Luke, Robert A and Saffitz, Jeffrey E},
  journal={The Journal of {C}linical {I}nvestigation},
  volume={87},
  number={5},
  pages={1594--1602},
  year={1991},
  publisher={Am Soc Clin Investig}
}

@article{de2011fibrosis,
  title={Fibrosis and cardiac arrhythmias},
  author={De Jong, Sanne and van Veen, Toon AB and van Rijen, Harold VM and de Bakker, Jacques MT},
  journal={Journal of Cardiovascular Pharmacology},
  volume={57},
  number={6},
  pages={630--638},
  year={2011},
  publisher={LWW}
}

@article{kirkman2006myocardial,
  title={Myocardial action potential},
  author={Kirkman, Emrys},
  journal={Anaesthesia \& Intensive Care Medicine},
  volume={7},
  number={8},
  pages={259--263},
  year={2006},
  publisher={Elsevier}
}

@article{bello2008motor,
  title={Motor and language {DTI} Fiber Tracking combined with intraoperative subcortical mapping for surgical removal of gliomas},
  author={Bello, Lorenzo and Gambini, Anna and Castellano, Antonella and Carrabba, Giorgio and Acerbi, Francesco and Fava, Enrica and Giussani, Carlo and Cadioli, Marcello and Blasi, Valeria and Casarotti, Alessandra and others},
  journal={Neuroimage},
  volume={39},
  number={1},
  pages={369--382},
  year={2008},
  publisher={Elsevier}
}


@article{stampfli2019subtle,
  title={Subtle white matter alterations in schizophrenia identified with a new measure of fiber density},
  author={St{\"a}mpfli, Philipp and Sommer, Stefan and Manoliu, Andrei and Burrer, Achim and Schmidt, Andr{\'e} and Herdener, Marcus and Seifritz, Erich and Kaiser, Stefan and Kirschner, Matthias},
  journal={Scientific reports},
  volume={9},
  number={1},
  pages={4636},
  year={2019},
  publisher={Nature Publishing Group}
}


@article{COOPER2010911,
    title = "Excitation–contraction coupling in human heart failure examined by action potential clamp in rat cardiac myocytes",
    journal = "Journal of Molecular and Cellular Cardiology",
    volume = "49",
    number = "6",
    pages = "911 - 917",
    year = "2010",
    OPTissn = "0022-2828",
    OPTdoi = "https://doi.org/10.1016/j.yjmcc.2010.04.012",
    OPTurl = "http://www.sciencedirect.com/science/article/pii/S0022282810001732",
    author = "Patricia J. Cooper and Christian Soeller and Mark B. Cannell",
    OPTkeywords = "Action potential, Heart failure, Human, Animal model, Ca, Excitation-contraction coupling"
}

@article{santana2010does,
  title={How does the shape of the cardiac action potential control calcium signaling and contraction in the heart?},
  author={Santana, Luis F and Cheng, Edward P and Lederer, W Jonathan},
  journal={Journal of Molecular and Cellular Cardiology},
  volume={49},
  number={6},
  pages={901},
  year={2010},
  publisher={NIH Public Access}
}

@article{rudy2008molecular,
  title={Molecular basis of cardiac action potential repolarization},
  author={Rudy, Yoram},
  journal={Annals of the New York Academy of Sciences},
  volume={1123},
  number={1},
  pages={113--118},
  year={2008},
  publisher={Wiley Online Library}
}

@article{irisawa1993cardiac,
	title={Cardiac pacemaking in the sinoatrial node},
	author={Irisawa, H and Brown, HF and Giles, W},
	journal={Physiological Reviews},
	volume={73},
	number={1},
	pages={197--227},
	year={1993},
	publisher={American Physiological Society Bethesda, MD}
}

@article{gary2016bayes,
	author = {Tse, Gary and Tsz Him Lai, Eric and Yeo, Jie and P. Yan, Bryan},
	year = {2016},
	month = {05},
	pages = {},
	title = {Electrophysiological Mechanisms of Bayes Syndrome: Insights from Clinical and Mouse Studies},
	volume = {7},
	journal = {Frontiers in Physiology}
}

@book{hall2015guyton,
	title={Textbook of medical physiology},
	author={Hall, John E and Guyton, Arthur C},
	year={2015},
	edition={11th},
	publisher={Elsevier Health Sciences}
}

@article{atienza2006activation,
	title={Activation of inward rectifier potassium channels accelerates atrial fibrillation in humans: evidence for a reentrant mechanism},
	author={Atienza, Felipe and Almendral, Jes{\'u}s and Moreno, Javier and Vaidyanathan, Ravi and Talkachou, Arkazdi and Kalifa, J{\'e}r{\^o}me and Arenal, Angel and Villacast{\'\i}n, Julian P and Torrecilla, Esteban G and S{\'a}nchez, Ana and others},
	journal={Circulation},
	volume={114},
	number={23},
	pages={2434--2442},
	year={2006},
	publisher={Am Heart Assoc}
}

@article{rensma1988length,
	title={Length of excitation wave and susceptibility to reentrant atrial arrhythmias in normal conscious dogs.},
	author={Rensma, Pieter L and Allessie, Maurits A and Lammers, Wim JEP and Bonke, Felix IM and Schalij, Martin J},
	journal={Circulation Research},
	volume={62},
	number={2},
	pages={395--410},
	year={1988},
	publisher={Am Heart Assoc}
}

@article{jiang2006dtistudio,
  title={DtiStudio: resource program for diffusion tensor computation and fiber bundle tracking},
  author={Jiang, Hangyi and Van Zijl, Peter CM and Kim, Jinsuh and Pearlson, Godfrey D and Mori, Susumu},
  journal={Computer methods and programs in biomedicine},
  volume={81},
  number={2},
  pages={106--116},
  year={2006},
  publisher={Elsevier}
}


@article{schwinger1994failing,
  title={The failing human heart is unable to use the Frank-Starling mechanism.},
  author={Schwinger, RH and B{\"o}hm, M and Koch, Andrea and Schmidt, Ulrich and Morano, Ingo and Eissner, Hans-Joachim and Uberfuhr, Peter and Reichart, Bruno and Erdmann, Erland},
  journal={Circulation research},
  volume={74},
  number={5},
  pages={959--969},
  year={1994},
  publisher={Am Heart Assoc}
}

@article{alonso2016nonlinear,
  title={Nonlinear physics of electrical wave propagation in the heart: a review},
  author={Alonso, Sergio and B{\"a}r, Markus and Echebarria, Blas},
  journal={Reports on Progress in Physics},
  volume={79},
  number={9},
  pages={096601},
  year={2016},
  publisher={IOP Publishing}
}

@article{haissaguerre1998spontaneous,
	title={Spontaneous initiation of atrial fibrillation by ectopic beats originating in the pulmonary veins},
	author={Haissaguerre, Michel and Ja{\"\i}s, Pierre and Shah, Dipen C and Takahashi, Atsushi and Hocini, M{\'e}l{\`e}ze and Quiniou, Gilles and Garrigue, St{\'e}phane and Le Mouroux, Alain and Le M{\'e}tayer, Philippe and Cl{\'e}menty, Jacques},
	journal={New England Journal of Medicine},
	volume={339},
	number={10},
	pages={659--666},
	year={1998},
	publisher={Mass Medical Soc}
}

@article{nattel1998experimental,
	title={Experimental evidence for proarrhythmic mechanisms of antiarrhythmic drugs},
	author={Nattel, Stanley},
	journal={Cardiovascular Research},
	volume={37},
	number={3},
	pages={567--577},
	year={1998},
	publisher={Elsevier Science}
}

@article{wazni2005radiofrequency,
	title={Radiofrequency ablation vs antiarrhythmic drugs as first-line treatment of symptomatic atrial fibrillation: a randomized trial},
	author={Wazni, Oussama M and Marrouche, Nassir F and Martin, David O and Verma, Atul and Bhargava, Mandeep and Saliba, Walid and Bash, Dianna and Schweikert, Robert and Brachmann, Johannes and Gunther, Jens and others},
	journal={Journal of the American Medical Association},
	volume={293},
	number={21},
	pages={2634--2640},
	year={2005},
	publisher={American Medical Association}
}

@article{narayan2012treatment,
	title={Treatment of atrial fibrillation by the ablation of localized sources: {CONFIRM} (Conventional Ablation for Atrial Fibrillation With or Without Focal Impulse and Rotor Modulation) trial},
	author={Narayan, Sanjiv M and Krummen, David E and Shivkumar, Kalyanam and Clopton, Paul and Rappel, Wouter-Jan and Miller, John M},
	journal={Journal of the American College of Cardiology},
	volume={60},
	number={7},
	pages={628--636},
	year={2012},
	publisher={Journal of the American College of Cardiology}
}

@article{cappato2005worldwide,
	title={Worldwide survey on the methods, efficacy, and safety of catheter ablation for human atrial fibrillation},
	author={Cappato, Riccardo and Calkins, Hugh and Chen, Shih-Ann and Davies, Wyn and Iesaka, Yoshito and Kalman, Jonathan and Kim, You-Ho and Klein, George and Packer, Douglas and Skanes, Allan},
	journal={Circulation},
	volume={111},
	number={9},
	pages={1100--1105},
	year={2005},
	publisher={Am Heart Assoc}
}

@article{wolfram1983statistical,
	title={Statistical mechanics of cellular automata},
	author={Wolfram, Stephen},
	journal={Reviews of Modern Physics},
	volume={55},
	number={3},
	pages={601},
	year={1983},
	publisher={APS}
}


@article{miller2005cost,
	title={Are cost benefits of anticoagulation for stroke prevention in atrial fibrillation underestimated?},
	author={Miller, Paul SJ and Andersson, Fredrik L and Kalra, Lalit},
	journal={Stroke},
	volume={36},
	number={2},
	pages={360--366},
	year={2005},
	publisher={Am Heart Assoc}
}

@article {Butters20120067,
	author = {Butters, Timothy D. and Aslanidi, Oleg V. and Zhao, Jichao and Smaill, Bruce and Zhang, Henggui},
	title = {A novel computational sheep atria model for the study of atrial fibrillation},
	volume = {3},
	number = {2},
	year = {2013},
	OPTdoi = {10.1098/rsfs.2012.0067},
	publisher = {Royal Society},
	OPTissn = {2042-8898},
	OPTURL = {http://rsfs.royalsocietypublishing.org/content/3/2/20120067},
	OPTeprint = {http://rsfs.royalsocietypublishing.org/content/3/2/20120067.full.pdf},
	journal = {Interface Focus}
}

@article{harrild2000computer,
	title={A computer model of normal conduction in the human atria},
	author={Harrild, David M and Henriquez, Craig S},
	journal={Circulation Research},
	volume={87},
	number={7},
	pages={e25--e36},
	year={2000},
	publisher={Am Heart Assoc}
}

@book{funck1997regulation,
	OPTtitle={Regulation and role of myocardial collagen matrix remodeling in hypertensive heart disease},
	author={Funck, Reinhard C and Wilke, Andreas and Rupp, Heinz and Brilla, Christian G},
	title={Hypertension and the Heart},
	pages={35--44},
	year={1997},
	publisher={Springer}
}

@book{campbell1997biology,
	title={Biology},
	author={Campbell, Neil and Reece, Jane},
	edition={6th},
	year={2002},
	publisher={Benjamin Cummings}
}

@article{rudy2008molecular,
	title={Molecular basis of cardiac action potential repolarization},
	author={Rudy, Yoram},
	journal={Annals of the New York Academy of Sciences},
	volume={1123},
	number={1},
	pages={113--118},
	year={2008},
	publisher={Wiley Online Library}
}

@article{gaspo1997functional,
	title={Functional mechanisms underlying tachycardia-induced sustained atrial fibrillation in a chronic dog model},
	author={Gaspo, Rania and Bosch, Ralph F and Talajic, Mario and Nattel, Stanley},
	journal={Circulation},
	volume={96},
	number={11},
	pages={4027--4035},
	year={1997},
	publisher={Am Heart Assoc}
}

@article{wijffels1995atrial,
	title={Atrial fibrillation begets atrial fibrillation: a study in awake chronically instrumented goats},
	author={Wijffels, Maurits CEF and Kirchhof, Charles JHJ and Dorland, Rick and Allessie, Maurits A},
	journal={Circulation},
	volume={92},
	number={7},
	pages={1954--1968},
	year={1995},
	publisher={Am Heart Assoc}
}

@article{burstein2007atrial,
	title={Atrial cardiomyocyte tachycardia alters cardiac fibroblast function: a novel consideration in atrial remodeling},
	author={Burstein, Brett and Qi, Xiao-Yan and Yeh, Yung-Hsin and Calderone, Angelino and Nattel, Stanley},
	journal={Cardiovascular Research},
	volume={76},
	number={3},
	pages={442--452},
	year={2007},
	publisher={Elsevier Ltd.}
}

@article{bers2002cardiac,
	title={Cardiac excitation--contraction coupling},
	author={Bers, Donald M},
	journal={Nature},
	volume={415},
	number={6868},
	pages={198},
	year={2002},
	publisher={Nature Publishing Group}
}


@article{deVos2010progression,
	author = {de Vos, Cees B. and Pisters, Ron and Nieuwlaat, Robby and Prins, Martin H. and Tieleman, Robert G. and Coelen, Robert-Jan S. and van den Heijkant, Antonius C. and Allessie, Maurits A. and Crijns, Harry J.G.M.},
	title = {Progression From Paroxysmal to Persistent Atrial Fibrillation},
	volume = {55},
	number = {8},
	pages = {725--731},
	year = {2010},
	OPTdoi = {10.1016/j.jacc.2009.11.040},
	publisher = {Journal of the American College of Cardiology},
	OPTissn = {0735-1097},
	OPTURL = {http://www.onlinejacc.org/content/55/8/725},
	OPTeprint = {http://www.onlinejacc.org/content/55/8/725.full.pdf},
	journal = {Journal of the American College of Cardiology}
}

@article{bajpai2006atrial,
	author = {Bajpai, Abhay and Rowland, Edward},
	title = {Atrial fibrillation},
	journal = {Continuing Education in Anaesthesia Critical Care and Pain},
	volume = {6},
	number = {6},
	pages = {219-224},
	year = {2006},
	OPTdoi = {10.1093/bjaceaccp/mkl051},
	OPTURL = {http://dx.doi.org/10.1093/bjaceaccp/mkl051},
	OPTeprint = {/oup/backfile/content_public/journal/ceaccp/6/6/10.1093/bjaceaccp/mkl051/2/mkl051.pdf}
}

@article{wilber2010comparison,
	author = {Wilber, D J and Pappone, C and Neuzil, P and others},
	title = {Comparison of antiarrhythmic drug therapy and radiofrequency catheter ablation in patients with paroxysmal atrial fibrillation: A randomized controlled trial},
	journal = {Journal of the American Medical Association},
	volume = {303},
	number = {4},
	pages = {333-340},
	year = {2010},
	OPTdoi = {10.1001/jama.2009.2029},
	OPTURL = { + http://dx.doi.org/10.1001/jama.2009.2029},
	OPTeprint = {/data/journals/jama/4497/joc90147_333_340.pdf}
}

@article{nademanee2004new,
	title={A new approach for catheter ablation of atrial fibrillation: mapping of the electrophysiologic substrate},
	author={Nademanee, Koonlawee and McKenzie, John and Kosar, Erol and Schwab, Mark and Sunsaneewitayakul, Buncha and Vasavakul, Thaveekiat and Khunnawat, Chotikorn and Ngarmukos, Tachapong},
	journal={Journal of the American College of Cardiology},
	volume={43},
	number={11},
	pages={2044--2053},
	year={2004},
	publisher={Journal of the American College of Cardiology}
}

@article{hunter2011characterization,
	title={Characterization of fractionated atrial electrograms critical for maintenance of atrial fibrillation: a randomized, controlled trial of ablation strategies (the CFAE AF trial)},
	author={Hunter, Ross J and Diab, Ihab and Tayebjee, Muzahir and Richmond, Laura and Sporton, Simon and Earley, Mark J and Schilling, Richard J},
	journal={Circulation: Arrhythmia and Electrophysiology},
	volume={4},
	number={5},
	pages={622--629},
	year={2011},
	publisher={Am Heart Assoc}
}

@article{verma2015approaches,
	author = {Verma, Atul and Jiang, Chen-yang and Betts, Timothy R. and Chen, Jian and Deisenhofer, Isabel and Mantovan, Roberto and Macle, Laurent and Morillo, Carlos A. and Haverkamp, Wilhelm and Weerasooriya, Rukshen and Albenque, Jean-Paul and Nardi, Stefano and Menardi, Endrj and Novak, Paul and Sanders, Prashanthan},
	title = {Approaches to Catheter Ablation for Persistent Atrial Fibrillation},
	journal = {New England Journal of Medicine},
	volume = {372},
	number = {19},
	pages = {1812-1822},
	year = {2015}
}

@article{providencia2015there,
	title={Is there still a role for complex fractionated atrial electrogram ablation in addition to pulmonary vein isolation in patients with paroxysmal and persistent atrial fibrillation? Meta-analysis of 1415 patients},
	author={Provid{\^e}ncia, Rui and Lambiase, Pier D and Srinivasan, Neil and Ganesh Babu, Girish and Bronis, Konstantinos and Ahsan, Syed and Khan, Fakhar Z and Chow, Anthony W and Rowland, Edward and Lowe, Martin and others},
	journal={Circulation: Arrhythmia and Electrophysiology},
	volume={8},
	number={5},
	pages={1017--1029},
	year={2015},
	publisher={Am Heart Assoc}
}

@article{kottkamp2016box,
	title={Box isolation of fibrotic areas (BIFA): A patient-tailored substrate modification approach for ablation of atrial fibrillation},
	author={Kottkamp, Hans and Berg, Jan and Bender, Roderich and Rieger, Andreas and Schreiber, Doreen},
	journal={Journal of Cardiovascular Electrophysiology},
	volume={27},
	number={1},
	pages={22--30},
	year={2016},
	publisher={Wiley Online Library}
}


@article{BUCH2016636,
	title = "Long-term clinical outcomes of focal impulse and rotor modulation for treatment of atrial fibrillation: A multicenter experience",
	journal = "Heart Rhythm",
	volume = "13",
	number = "3",
	pages = "636 - 641",
	year = "2016",
	OPTissn = "1547-5271",
	OPTdoi = "https://doi.org/10.1016/j.hrthm.2015.10.031",
	OPTurl = "http://www.sciencedirect.com/science/article/pii/S1547527115013144",
	author = "Eric Buch and Michael Share and Roderick Tung and Peyman Benharash and Parikshit Sharma and Jayanthi Koneru and Ravi Mandapati and Kenneth A. Ellenbogen and Kalyanam Shivkumar",
	keywords = "Arrhythmia, Atrial fibrillation, Clinical electrophysiology, Catheter ablation"
}

@article{miller2014initial,
	title={Initial independent outcomes from focal impulse and rotor modulation ablation for atrial fibrillation: multicenter FIRM registry},
	author={Miller, John M and Kowal, Robert C and Swarup, Vijay and Daubert, James P and Daoud, Emile G and Day, John D and Ellenbogen, Kenneth A and Hummel, John D and Baykaner, Tina and Krummen, David E and others},
	journal={Journal of Cardiovascular Electrophysiology},
	volume={25},
	number={9},
	pages={921--929},
	year={2014},
	publisher={Wiley Online Library}
}


@article{sommer2016successful,
	title={Successful repeat catheter ablation of recurrent longstanding persistent atrial fibrillation with rotor elimination as the procedural endpoint: a case series},
	author={Sommer, Philipp and Kircher, Simon and Rolf, Sascha and John, Silke and Arya, Arash and Dinov, Borislav and Richter, Sergio and Bollmann, Andreas and Hindricks, Gerhard},
	journal={Journal of Cardiovascular Electrophysiology},
	volume={27},
	number={3},
	pages={274--280},
	year={2016},
	publisher={Wiley Online Library}
}

@article{aime1999myocardial,
	title={Myocardial cell death in fibrillating and dilated human right atria},
	author={Aim{\'e}-Semp{\'e}, Christine and Folliguet, Thierry and R{\"u}cker-Martin, Catherine and Krajewska, Maryla and Krajewski, Stanislaw and Heimburger, Michele and Aubier, Michel and Mercadier, Jean-Jacques and Reed, John C and Hatem, Stephane N},
	journal={Journal of the American College of Cardiology},
	volume={34},
	number={5},
	pages={1577--1586},
	year={1999},
	publisher={Journal of the American College of Cardiology}
}

@article{CORRADI20141250,
	title = "Persistent lone atrial fibrillation: Clinicopathologic study of 19 cases",
	journal = "Heart Rhythm",
	volume = "11",
	number = "7",
	pages = "1250 - 1258",
	year = "2014",
	OPTissn = "1547-5271",
	OPTdoi = "https://doi.org/10.1016/j.hrthm.2014.02.008",
	OPTurl = "http://www.sciencedirect.com/science/article/pii/S1547527114001283",
	author = "Domenico Corradi and Sergio Callegari and Laura Manotti and David Ferrara and Matteo Goldoni and Rossella Alinovi and Silvana Pinelli and Paola Mozzoni and Roberta Andreoli and Angeliki Asimaki and Alberto Pozzoli and Gabriella Becchi and Antonio Mutti and Stefano Benussi and Jeffrey E. Saffitz and Ottavio Alfieri",
	keywords = "Lone atrial fibrillation, Remodeling, Structure, Atrial cardiomyocyte, Pathology"
}

@article{waks2014mechanisms,
	title={Mechanisms of atrial fibrillation--reentry, rotors and reality},
	author={Waks, Jonathan W and Josephson, Mark E},
	journal={Arrhythmia \& Electrophysiology Review},
	volume={3},
	number={2},
	pages={90},
	year={2014},
	publisher={Radcliffe Cardiology}
}


@article {Narayan1761,
	author = {Narayan, Sanjiv M. and Baykaner, Tina and Clopton, Paul and Schricker, Amir and Lalani, Gautam G. and Krummen, David E. and Shivkumar, Kalyanam and Miller, John M.},
	title = {Ablation of Rotor and Focal Sources Reduces Late Recurrence of Atrial Fibrillation Compared With Trigger Ablation Alone},
	volume = {63},
	number = {17},
	pages = {1761--1768},
	year = {2014},
	journal = {Journal of the American College of Cardiology}
}

@article{deshmukh2013hospital,
  title={In-hospital complications associated with catheter ablation of atrial fibrillation in the United States between 2000 and 2010: analysis of 93,801 procedures},
  author={Deshmukh, Abhishek and Patel, Nileshkumar J and Pant, Sadip and Shah, Neeraj and Chothani, Ankit and Mehta, Kathan and Grover, Peeyush and Singh, Vikas and Vallurupalli, Srikanth and Savani, Ghanshyambhai T and others},
  journal={Circulation},
  volume={128},
  number={19},
  pages={2104--2112},
  year={2013},
  publisher={Am Heart Assoc}
}


@article{ehrlich2003cellular,
	title={Cellular electrophysiology of canine pulmonary vein cardiomyocytes: action potential and ionic current properties},
	author={Ehrlich, Joachim R and Cha, Tae-Joon and Zhang, Liming and Chartier, Denis and Melnyk, Peter and Hohnloser, Stefan H and Nattel, Stanley},
	journal={The Journal of physiology},
	volume={551},
	number={3},
	pages={801--813},
	year={2003},
	publisher={Wiley Online Library}
}

@article{mcgillivray2018machine,
	title={Machine learning methods for locating re-entrant drivers from electrograms in a model of atrial fibrillation},
	author={McGillivray, Max Falkenberg and Cheng, William and Peters, Nicholas S and Christensen, Kim},
	journal={Royal Society open science},
	volume={5},
	number={4},
	pages={172434},
	year={2018},
	publisher={The Royal Society}
}

@book{pullan2005mathematically,
	title={Mathematically modelling the electrical activity of the heart: from cell to body surface and back again},
	author={Pullan, Andrew J and Cheng, Leo K and Buist, Martin L},
	year={2005},
	publisher={World Scientific Publishing Company}
}

@misc{pathophys,
	author = {Greg Ikonnikov and Dominique Yelle},
	editor = {Eric Wong and Sultan Chaudhry},
	title = {Physiology of cardiac conduction and contractility},
	datOPTe = {date},
	url = {http://www.pathophys.org/physiology-of-cardiac-conduction-and-contractility/},
	OPTsubtitle = {subtitle},
	OPTtitleaddon = {titleaddon},
	OPTlanguage = {language},
	OPTversion = {version},
	OPTnote = {note},
	OPTorganization = {organization},
	OPTdate = {date},
	OPTmonth = {month},
	year = {2012},
	OPTaddendum = {addendum},
	OPTpubstate = {pubstate},
	urldate = {October 1, 2018},
}
